% This file was created with JabRef 2.9.2.
% Encoding: Cp1252

@STRING{aaai = { AAAI Conference on Artificial Intelligence (AAAI)}}

@STRING{aaaiold = { National Conference on Artificial Intelligence (AAAI)}}

@STRING{aaim = { International Conference on Algorithmic Aspects in Information and
	Management (AAIM)}}

@STRING{aamas = { International Conference on Autonomous Agents and Multi-Agent Systems
	(AAMAS)}}

@STRING{acm = {ACM Press}}

@STRING{adt = { International Conference on Algorithmic Decision Theory (ADT)}}

@STRING{alt = { International Conference on Algorithmic Learning Theory (ALT)}}

@STRING{agents = { Annual Conference on Autonomous Agents (AGENTS)}}

@STRING{agtworkshop= { IJCAI Workshop on Algorithmic Game Theory (AGT@IJCAI)}}
@STRING{approx = { International Workshop on Approximation Algorithms for Combinatorial
	Optimization Problems (APPROX)}}

@STRING{aies = { AAAI/ACM Conference on Artificial Intelligence, Ethics and Society (AIES)}}

@STRING{asiaccs = { ACM Symposium on Information, Computer and Communications Security
	(ASIACCS)}}

@STRING{asiacrypt = { Asiacrypt Conference}}

@STRING{atal = { International Workshop on Intelligent Agents (ATAL)}}

@STRING{ccs = { ACM SIGSAC Conference on Computer and Communications Security (CCS)}}
@STRING{cia = { International Workshop on Cooperative Information Agents (CIA)}}

@STRING{cig = { IEEE Conference on Computational Intelligence and Games (CIG)}}

@STRING{colt = { Conference on Computational Learning Theory (COLT)}}

@STRING{comsoc = { International Workshop on Computational Social Choice (COMSOC)}}

@STRING{cryptadv = {Advances in Cryptology - Proceedings of the }}

@STRING{crypto = { Annual International Cryptology Conference (CRYPTO)}}

@STRING{cvpr = { IEEE Conference on Computer Vision and Pattern Recognition}}

@STRING{recsys = { ACM Conference on Recommendation Systems (RecSys)}}

@STRING{eacl = { Conference of the European Chapter of the Association for Computational
	Linguistics (EACL)}}

@STRING{ec = { ACM Conference on Economics and Computation (EC)}}
@STRING{ecold = { ACM Conference on Electronic Commerce (EC)}}
@STRING{ecai = { European Conference on Artificial Intelligence (ECAI)}}
@STRING{emnlp = { Conference on Empirical Methods in Natural Language Processing (EMNLP)}}
@STRING{esa = { Annual European Symposium on Algorithms (ESA)}}

@STRING{eumas = { European Workshop on Multi-Agent Systems (EUMAS)}}

@STRING{eurocrypt = { Eurocrypt Conference}}
@STRING{fatconf = { ACM Conference on Fairness, Accountability and Transparency (FAT*)}}
@STRING{facct = { ACM Conference on Fairness, Accountability and Transparency (FAccT)}}
@STRING{fc = { Annual Conference on Financial Cryptography (FC)}}

@STRING{fcds = { International Conference on Financial Cryptography and Data Security
	(FC)}}

@STRING{focs = { Symposium on Foundations of Computer Science (FOCS)}}

@STRING{gamesec = { Conference on Decision and Game Theory for Security (GameSec)}}

@STRING{hcomp = { Human Computation Workshop (HCOMP)}}

@STRING{iat = { IEEE/WIC/ACM International Conference on Intelligent Agent Technology
	(IAT)}}

@STRING{icalp = { International Colloquium on Automata, Languages and Programming
	(ICALP)}}

@STRING{icdm = { IEEE International Conference on Data Mining (ICDM)}}

@STRING{icml = { International Conference on Machine Learning (ICML)}}

@STRING{ieee = {IEEE Press}}

@STRING{ijcai = { International Joint Conference on Artificial Intelligence (IJCAI)}}

@STRING{ijcnlp = { International Joint Conference on Natural Language Processing (IJCNLP)}}
@STRING{ip = {In Preparation}}

@STRING{ipco = { Conference on Integer Programming and Combinatorial Optimization
	(IPCO)}}

@STRING{isaac = { Annual International Symposium on Algorithms and Computation (ISAAC)}}

@STRING{itcs = { Innovations in Theoretical Computer Science Conference (ITCS)}}

@STRING{kdd = { International Conference on Knowledge Discovery and Data Mining (KDD)}}

@STRING{lnai = {Lecture Notes in Artificial Intelligence (LNAI)}}

@STRING{lncs = {Lecture Notes in Computer Science (LNCS)}}

@STRING{mcs = { International Workshop on Multiple Classifier Systems (MCS)}}

@STRING{mfcs = { International Symposium on Mathematical Foundations of Computer
	Science (MFCS)}}

@STRING{mpref = { Multidisciplinary Workshop on Advances in Preference Handling (M-PREF)}}

@STRING{neurips = { Annual Conference on Neural Information Processing Systems (NeurIPS)}}

@STRING{nips = { Annual Conference on Neural Information Processing Systems (NIPS)}}

@STRING{nsdi = { USENIX Conference on Networked Systems Design and Implementation
	(NSDI)}}

@STRING{nspw = { New Security Paradigms Workshop (NSPW)}}

@STRING{oakland = { IEEE Conference on Security and Privacy (Oakland)}}

@STRING{osdi = { USENIX Symposium on Operating Systems Design and Implementation
	(OSDI)}}

@STRING{p2pecon = { Workshop on the Economics of Peer-to-Peer Systems (P2PECON)}}

@STRING{pets = { Privacy Enhancing Technologies Symposium (PETS)}}

@STRING{pkc = { International Workshop on Practice and Theory in Public Key Cryptography
	(PKC)}}

@STRING{proc = {Proceedings of the }}

@STRING{random = { International Workshop on Randomization and Computation (RANDOM)}}

@STRING{sagt = { International Symposium on Algorithmic Game Theory (SAGT)}}

@STRING{sea = { International Symposium on Experimental Algorithms (SEA)}}

@STRING{sigcomm = { ACM Symposium on Communications Architectures \& Protocols (SIGCOMM)}}

@STRING{soda = { Annual ACM-SIAM Symposium on Discrete Algorithms (SODA)}}

@STRING{sofsem = { International Conference on Current Trends in Theory and Practice
	of Computer Science (SOFSEM)}}

@STRING{spaa = { ACM Symposium on Parallelism in Algorithms and Architectures (SPAA)}}

@STRING{springer = {Springer-Verlag}}

@STRING{stacs = { International Symposium on Theoretical Aspects of Computer Science
	(STACS)}}

@STRING{stoc = { Annual ACM Symposium on Theory of Computing (STOC)}}

@STRING{swat = { Scandinavian Workshop on Algorithm Theory (SWAT)}}

@STRING{ta = {To Appear}}

@STRING{tark = { Conference on Theoretical Aspects of Rationality and Knowledge (TARK)}}

@STRING{uai = { Annual Conference on Uncertainty in Artificial Intelligence (UAI)}}

@STRING{uist = { Annual ACM symposium on User interface software and technology (UIST)}}

@STRING{ur = {Preliminary Draft}}

@STRING{wine = { International Workshop on Internet and Network Economics (WINE)}}

@STRING{www = { International World Wide Web Conference (WWW)}}

@STRING{ieaaie = { International Conference on Industrial, Engineering and Other Applications of Applied Intelligent Systems}}

@STRING{mod = { ACM SIGMOD International Conference on Management of Data}}
