@article{brown2019poker,
author = {Noam Brown  and Tuomas Sandholm },
title = {Superhuman AI for multiplayer poker},
journal = {Science},
volume = {365},
number = {6456},
pages = {885-890},
year = {2019}
}




@article{Aziz2022fairsurvey, 
    author = {Aziz, Haris and Li, Bo and Moulin, Herv\'{e} and Wu, Xiaowei}, 
    title = {Algorithmic Fair Allocation of Indivisible Items: A Survey and New Questions}, year = {2022}, 
    publisher = {Association for Computing Machinery}, 
    volume = {20}, 
    number = {1}, 
    journal = {SIGecom Exchanges}, 
    month = nov, 
    pages = {24--40}
}

@inproceedings{ghodsi2018fair,
  title={Fair allocation of indivisible goods: Improvements and generalizations},
  author={Ghodsi, Mohammad and HajiAghayi, MohammadTaghi and Seddighin, Masoud and Seddighin, Saeed and Yami, Hadi},
  booktitle= proc # {19th} # ec,
  pages={539--556},
  year={2018}
}

@article{aziz2022fairdivsurvey,
  author={Haris Aziz and Bo Li and Hervé Moulin and Xiaowei Wu},
  title={Algorithmic Fair Allocation of Indivisible Items: A Survey and New Questions},
  year={2022},
  journal={CoRR},
  volume={abs/2202.08713}
}


@inproceedings{Babaioff2021Dichotomous,
  author    = {Moshe Babaioff and
               Tomer Ezra and
               Uriel Feige},
  title     = {Fair and Truthful Mechanisms for Dichotomous Valuations},
  booktitle = proc # {35th} # aaai,
  pages     = {5119--5126},
  year      = {2021}
}

@article{brualdi1969bases, 
title={Comments on bases in dependence structures}, volume={1},
journal={Bulletin of the Australian Mathematical Society}, 
publisher={Cambridge University Press}, 
author={Brualdi, Richard A.}, 
year={1969}, 
pages={161–167}
}

@article{farhadi2019wmms,
author = {Farhadi, Alireza and Ghodsi, Mohammad and Hajiaghayi, MohammadTaghi and Lahaie, S\'{e}bastien and Pennock, David and Seddighin, Masoud and Seddighin, Saeed and Yami, Hadi},
title = {Fair Allocation of Indivisible Goods to Asymmetric Agents},
year = {2019},
volume = {64},
number = {1},
journal = {Journal of Artificial Intelligence Research},
pages = {1–20},
}
@inproceedings{babaioff2021wmms,
author = {Babaioff, Moshe and Ezra, Tomer and Feige, Uriel},
title = {Fair-Share Allocations for Agents with Arbitrary Entitlements},
booktitle = proc # {22nd} # ec,
year = {2021},
pages = {127}
}


@article{chakraborty2022generalized,
author = {Chakraborty, Mithun and Segal-Halevi, Erel and Suksompong, Warut},
	journal = proc # {36th} # aaai,
	pages = {4949-4956},
	title = {Weighted Fairness Notions for Indivisible Items Revisited},
	year = {2022}
}


@article{chakraborty2021pickingsequences,
	author = {Mithun Chakraborty and Ulrike Schmidt-Kraepelin and Warut Suksompong},
	journal = {Artificial Intelligence},
	title = {Picking sequences and monotonicity in weighted fair division},
	volume = {301},
	year = {2021},
	}


@article{azis2020wprop,
  author    = {Haris Aziz and
               Herv{\'{e}} Moulin and
               Fedor Sandomirskiy},
  title     = {A polynomial-time algorithm for computing a Pareto optimal and almost
               proportional allocation},
  journal   = {Operations Research Letters},
  volume    = {48},
  number    = {5},
  pages     = {573--578},
  year      = {2020}
}


@inproceedings{garg2021bivaluedadditive,
	author = {Garg, Jugal and Murhekar, Aniket},
	booktitle = proc # {14th} # sagt,
	pages = {345--359},
	title = {Computing Fair and Efficient Allocations with Few Utility Values},
	year = {2021}}
%	publisher = {Springer International Publishing},

@inproceedings{garg2022bivaluedchores,
  title={Fair and efficient allocations of chores under bivalued preferences},
  author={Garg, Jugal and Murhekar, Aniket and Qin, John},
  pages = {5043-5050},
  booktitle= proc # {36th} # aaai,
  year={2022}
}

@inproceedings{ebadian2022bivaluedchores,
author = {Ebadian, Soroush and Peters, Dominik and Shah, Nisarg},
title = {How to Fairly Allocate Easy and Difficult Chores},
year = {2022},
booktitle = proc # {21st} # aamas,
pages = {372--380}
}

@article{amantidis2021mnw,
	author = {Georgios Amanatidis and Georgios Birmpas and Aris Filos-Ratsikas and Alexandros Hollender and Alexandros A. Voudouris},
	journal = {Theoretical Computer Science},
	pages = {69-85},
	title = {Maximum {N}ash welfare and other stories about {EFX}},
	volume = {863},
    month = apr,
	year = {2021}}

@inproceedings{akrami2022mnw,
  title={Maximizing {N}ash Social Welfare in 2-Value Instances},
  author={Hannaneh Akrami and Bhaskar Ray Chaudhury and Martin Hoefer and Kurt Mehlhorn and Marco Schmalhofer and Golnoosh Shahkarami and Giovanna Varricchio and Quentin Vermande and Ernest van Wijland},
  pages = {4760-4767},
  booktitle=proc # {36th} # aaai,
  year={2022}
}

@inproceedings{viswanathan2022generalyankee,
  
  author = {Viswanathan, Vignesh and Zick, Yair},
  
  title = {A General Framework for Fair Allocation under Matroid Rank Valuations},
  
  pages = {1129--1152},
  year = {2023},
  
  booktitle = proc # {24th} # ec
}


@article{chlebik2006minvc,
	author = {Miroslav Chleb{\'\i}k and Janka Chleb{\'\i}kov{\'a}},
	journal = {Theoretical Computer Science},
	number = {3},
	pages = {320-338},
	title = {Complexity of approximating bounded variants of optimization problems},
	volume = {354},
	year = {2006}
}


@inproceedings{barman2022groupstrategyproof, 
title={Truthful and Fair Mechanisms for Matroid-Rank Valuations}, 
booktitle=proc # {36th} # aaai, 
author={Barman, Siddharth and Verma, Paritosh}, 
year={2022},
pages={4801--4808} 
}

@inproceedings{viswanathan2022yankee,
  
  author = {Viswanathan, Vignesh and Zick, Yair},
  
  title = {Yankee Swap: a Fast and Simple Fair Allocation Mechanism for Matroid Rank Valuations},
  
  booktitle = proc # {22nd} # aamas,
  pages = {179--187},
  year = {2023}
}

@inproceedings{benabbou2019group,
author = {Nawal Benabbou and Mithun Chakraborty and Edith Elkind and Yair Zick},
title = {Fairness Towards Groups of Agents in the Allocation of Indivisible Items},
year = {2019},
pages = {95--101},
booktitle = proc # {28th} # ijcai
}



@article{benabbou2021MRF,
	author    = {Nawal Benabbou and
	Mithun Chakraborty and
	Ayumi Igarashi and
	Yair Zick},
	title     = {Finding Fair and Efficient Allocations for Matroid Rank Valuations},
	journal   = {{ACM} Transactions on Economics and Computation},
	volume    = {9},
	number    = {4},
	articleno     = {21},
	year      = {2021}
}

@article{asche1966minimal,
  title={Minimal dependent sets},
  author={Asche, DS},
  journal={Journal of the Australian Mathematical Society},
  volume={6},
  number={3},
  pages={259--262},
  year={1966}
}

@Book{welsh1976matroidtheory,
 Author = {D. J. A. {Welsh}},
 Title = {{Matroid theory}},
 FJournal = {{London Mathematical Society Monographs}},
 Journal = {{Lond. Math. Soc. Monogr.}},
 Volume = {8},
 Year = {1976},
 Publisher = {Academic Press, London},
 Language = {English},
}

@book{Nisan2007AGT,
author = {Nisan, Noam and Roughgarden, Tim and Tardos, Eva and Vazirani, Vijay V.},
title = {Algorithmic Game Theory},
year = {2007},
isbn = {0521872820},
publisher = {Cambridge University Press},
address = {USA}
}

@article{annamalai2017santaclaus,
author = {Annamalai, Chidambaram and Kalaitzis, Christos and Svensson, Ola},
title = {Combinatorial Algorithm for Restricted Max-Min Fair Allocation},
year = {2017},
volume = {13},
number = {3},
pages = {1-28},
journal = {ACM Transactions on Algorithms},
month = {May},
articleno = {37},
numpages = {28}
}
%address = {New York, NY, USA}, publisher = {Association for Computing Machinery}}

@inproceedings{bansal2006santaclaus,
author = {Bansal, Nikhil and Sviridenko, Maxim},
title = {The {S}anta {C}laus Problem},
year = {2006},
booktitle = {Proceedings of the Thirty-Eighth Annual ACM Symposium on Theory of Computing (STOC)},
pages = {31--40},
numpages = {10},
keywords = {resource allocation, unrelated machines, scheduling, maximin, approximation algorithms},
location = {Seattle, WA, USA},
}
% publisher = {Association for Computing Machinery},
address = {New York, NY, USA}}


@article{papadimitriou1991apx,
	author = {Christos H. Papadimitriou and Mihalis Yannakakis},
	journal = {Journal of Computer and System Sciences},
	number = {3},
	pages = {425-440},
	title = {Optimization, approximation, and complexity classes},
	volume = {43},
	year = {1991}
}


@inproceedings{edmonds1970matroid,
  title={Submodular functions, matroids, and certain polyhedra},
  author={Edmonds, Jack},
  booktitle={Combinatorial structures and their applications},
  pages={69–87},
  year={1970}
}

@incollection{bouveret2016handbook,
     title = {Fair Allocation of Indivisible Goods},
     booktitle = {Handbook of Computational Social Choice}, 
     year = {2016},
     publisher = {Cambridge University Press},
     editor = {Felix Brandt and Vincent Conitzer and Ulle Endriss and J{\'e}r{\^o}me Lang and Ariel D. Procaccia},
     author = {Sylvain Bouveret and Yann Chevaleyre and Nicolas Maudet},
     chapter = {12}
}

@article{bogomolnaia2005dichotomousmechanism,
title = {Collective choice under dichotomous preferences},
journal = {Journal of Economic Theory},
volume = {122},
number = {2},
pages = {165-184},
year = {2005},
issn = {0022-0531},
author = {Anna Bogomolnaia and Hervé Moulin and Richard Stong}
}

@article{aziz2022mixedgoodsandchores,
  title={Fair allocation of indivisible goods and chores},
  author={Aziz, Haris and Caragiannis, Ioannis and Igarashi, Ayumi and Walsh, Toby},
  journal={Autonomous Agents and Multi-Agent Systems},
  volume={36},
  pages={1--21},
  year={2022},
  publisher={Springer}
}

@inproceedings{bhaskar2021envyfreeness,
  author    = {Umang Bhaskar and
               A. R. Sricharan and
               Rohit Vaish},
  title     = {On Approximate Envy-Freeness for Indivisible Chores and Mixed Resources},
  booktitle = proc # {Approximation, Randomization, and Combinatorial Optimization. Algorithms
               and Techniques, {APPROX/RANDOM} 2021.},
  pages     = {1--23},
  year      = {2021},
}

@inproceedings{Kulkarni2020ApproximatingMS,
  title={Approximating Maximin Shares with Mixed Manna},
  author={Rucha Kulkarni and Ruta Mehta and Setareh Taki},
  booktitle = proc # {21st} # ec,
  year={2021}
}

@inproceedings{hosseini2023mixed,
      title={Fairly Dividing Mixtures of Goods and Chores under Lexicographic Preferences}, 
      author={Hadi Hosseini and Sujoy Sikdar and Rohit Vaish and Lirong Xia},
      year={2023},
      pages = {152-160},
      booktitle = proc # {22nd} # aamas
}

@inproceedings{hosseini2023lexicographicgoods,
      title={Fair and Efficient Allocations under Lexicographic Preferences}, 
      author={Hadi Hosseini and Sujoy Sikdar and Rohit Vaish and Lirong Xia},
      year={2021},
      pages = {5472-5480},
      booktitle = proc # {35th} # aaai
}

@article{viswanathan2023weighted,
  title={Weighted Notions of Fairness with Binary Supermodular Chores},
  author={Viswanathan, Vignesh and Zick, Yair},
  journal={arXiv preprint arXiv:2303.06212},
  year={2023}
}

@article{hall1935og,
author = {Hall, Phillip},
title = {On Representatives of Subsets},
journal = {Journal of the London Mathematical Society},
volume = {s1-10},
number = {1},
year = {1935}
}

@inproceedings{garg2021rado,
author = {Garg, Jugal and Husi\'{c}, Edin and V\'{e}gh, L\'{a}szl\'{o} A.},
title = {Approximating {N}ash Social Welfare under Rado Valuations},
year = {2021},
booktitle = proc # {53rd} # stoc,
pages = {1412--1425},
}

 @inproceedings{barman2023chores,
  author = {Siddharth Barman and Vishnu Narayan and Paritosh Verma},
  
  title = {Fair Chore Division under Binary Supermodular Costs},
  pages = {2863–2865},
  booktitle = proc # {22nd} # aamas,
  
  year = {2023}
}

@inproceedings{aziz2023twotypes,
      title={Fair Allocation of Two Types of Chores}, 
      author={Haris Aziz and Jeremy Lindsay and Angus Ritossa and Mashbat Suzuki},
      year={2023},
      pages = {143-151},
      booktitle = proc # {22nd} # aamas
}

@article{kelso1982gs,
 author = {Alexander S. Kelso and Vincent P. Crawford},
 journal = {Econometrica},
 number = {6},
 pages = {1483--1504},
 publisher = {[Wiley, Econometric Society]},
 title = {Job Matching, Coalition Formation, and Gross Substitutes},
 volume = {50},
 year = {1982}
}

@inproceedings{lehmann2001oxs,
author = {Lehmann, Benny and Lehmann, Daniel and Nisan, Noam},
title = {Combinatorial Auctions with Decreasing Marginal Utilities},
year = {2001},
booktitle = proc # {3rd} # ec,
pages = {18–28}
}

@inproceedings{Kulkarni2021ptas, 
title={On the PTAS for Maximin Shares in an Indivisible Mixed Manna}, 
booktitle= proc # {35th} # aaai, 
author={Kulkarni, Rucha and Mehta, Ruta and Taki, Setareh}, 
year={2021}, 
pages={5523-5530} 
}

@misc{berczi2020envyfree,
      title={Envy-free Relaxations for Goods, Chores, and Mixed Items}, 
      author={Kristóf Bérczi and Erika R. Bérczi-Kovács and Endre Boros and Fekadu Tolessa Gedefa and Naoyuki Kamiyama and Telikepalli Kavitha and Yusuke Kobayashi and Kazuhisa Makino},
      year={2020},
      eprint={2006.04428},
      archivePrefix={arXiv},
      primaryClass={econ.TH}
}

@article{Kurokawa2018dichotomousallocation,
author = {Kurokawa, David and Procaccia, Ariel D. and Shah, Nisarg},
title = {Leximin Allocations in the Real World},
year = {2018},
volume = {6},
number = {3–4},
issn = {2167-8375},
journal = {ACM Transactions of Economics and Computation}
}

@article{Babaioff2009Auction,
author = {Babaioff, Moshe and Lavi, Ron and Pavlov, Elan},
title = {Single-Value Combinatorial Auctions and Algorithmic Implementation in Undominated Strategies},
year = {2009},
volume = {56},
number = {1},
issn = {0004-5411},
journal = {Journal of the ACM},
articleno = {4},
numpages = {32}
}

@article{Aziz2019Dichotomousexchange,
author = {Aziz, Haris},
title = {Strategyproof Multi-Item Exchange under Single-Minded Dichotomous Preferences},
year = {2019},
volume = {34},
number = {1},
issn = {1387-2532},
journal = {Autonomous Agents and Multi-Agent Systems},
numpages = {11}
}

@article{Suksumpong2022weightednash,
title = {On maximum weighted Nash welfare for binary valuations},
journal = {Mathematical Social Sciences},
volume = {117},
pages = {101-108},
year = {2022},
issn = {0165-4896},
author = {Warut Suksompong and Nicholas Teh}
}

@inproceedings{Barman2021approxmnw,
author = {Barman, Siddharth and Verma, Paritosh},
title = {Approximating Nash Social Welfare Under Binary XOS and Binary Subadditive Valuations},
year = {2021},
booktitle = proc # {17th} # wine,
pages = {373–390},
numpages = {18}
}

@ARTICLE{Mishra2013dichotomousauction,
title = {Implementation in multidimensional dichotomous domains},
author = {Mishra, Debasis and Roy, Souvik},
year = {2013},
journal = {Theoretical Economics},
volume = {8},
number = {2}
}

@article{Roth2005Dichotomousexchange,
title = {Pairwise kidney exchange},
journal = {Journal of Economic Theory},
volume = {125},
number = {2},
pages = {151-188},
year = {2005},
issn = {0022-0531},
author = {Alvin E. Roth and Tayfun Sönmez and M. {Utku Ünver}},
}

@article{Ortega2018dichotomousmechanism,
  author={Ortega, Josué},
  title={{Multi-unit assignment under dichotomous preferences}},
  year=2020,
  journal = {Mathematical Social Sciences},
  volume = {103},
  pages = {15--24}
}

@inproceedings{Barman2021TruthfulAF,
  author    = {Siddharth Barman and
               Paritosh Verma},
  title     = {Truthful and Fair Mechanisms for Matroid-Rank Valuations},
  booktitle   = proc # {36th} # aaai,
  year      = {2022}
}

@article{Barman2018FindingFA,
  title={Finding Fair and Efficient Allocations},
  author={Siddharth Barman and Sanath Kumar Krishna Murthy and Rohit Vaish},
  pages = {557–574},
  journal=proc # {19th} # ec,
  year={2018}
}

@article{loaverage,
  title={Average-case comparison of random assignment algorithms},
  author={Lo, Jacky and Wilson, Mark C},
  year={2016}
}

@techreport{Garg2021Chores,
  author    = {Jugal Garg and
               Aniket Murhekar and
               John Qin},
  title     = {Fair and Efficient Allocations of Chores under Bivalued Preferences},
  type      = {Tech.\ Rep.},
  institution = {arXiv.org},
  number    = {arXiv:2110.09601~[cs.GT]},
  month     = oct,
  year      = {2021},
}

@article{Ebadian2021HowTF,
  title={How to Fairly Allocate Easy and Difficult Chores},
  author={Soroush Ebadian and Dominik Peters and Nisarg Shah},
  journal={ArXiv},
  year={2021},
  volume={abs/2110.11285}
}
%%%%%%% Envy-freeness
@article{Budish2011EF1,

Author = {Budish, Eric},

Journal = {Journal of Political Economy},

Number = {6},
Pages = {1061-1103},
Title = {The Combinatorial Assignment Problem: Approximate Competitive Equilibrium from Equal Incomes.},
Volume = {119},
month = dec,
Year = {2011},
}

@article{budish2017coursematch,
author = {Eric Budish and G{\'e}rard P. Cachon and Judd B. Kessler and Abraham Othman},
year = {2016},
title = {Course Match: A Large-Scale Implementation of Approximate Competitive Equilibrium from Equal Incomes for Combinatorial Allocation},
journal = {Operations Research},
volume = {65},
number = {2},
pages = {314--336}
}

@article{goldman2015spliddit,
	author = {Goldman, Jonathan and Procaccia, Ariel D.},
	title = {Spliddit: Unleashing Fair Division Algorithms},
	year = {2015},
	volume = {13},
	journal = {{SIGecom} Exchanges},
	pages = {41-–46}
}

@book{oxley2011matroids,
    author = {James Oxley},
    year ={2011},
    publisher = {Oxford University Press},
    edition = {2nd},
    title = {Matroid Theory}, 
    number ={21}
}

@incollection{krause2014submodular, 
    place={Cambridge}, 
    title={Submodular Function Maximization}, 
    booktitle={Tractability: Practical Approaches to Hard Problems}, 
    publisher={Cambridge University Press}, 
    author={Krause, Andreas and Golovin, Daniel}, 
    editor={Bordeaux, Lucas and Hamadi, Youssef and Kohli, Pushmeet}, 
    year={2014}, 
    pages={71--104}
    }

@article{chakraborty2021weighted,
author = {Chakraborty, Mithun and Igarashi, Ayumi and Suksompong, Warut and Zick, Yair},
title = {Weighted Envy-Freeness in Indivisible Item Allocation},
year = {2021},
volume = {9},
issn = {2167-8375},
journal = {ACM Transactions on Economics and Computation},
}

@techreport{Plaut2017EFX,
  author    = {Benjamin Plaut and
               Tim Roughgarden},
  title     = {Almost Envy-Freeness with General Valuations},
  type      = {Tech.\ Rep.},
  institution   = {arXiv.org},
  number    = {arXiv:1707.04769~[cs.GT]},
  year      = {2017},
  month     = nov
}

@inproceedings{procaccia2014fairenough, 
    author = {Procaccia, Ariel D. and Wang, Junxing}, 
    title = {Fair Enough: Guaranteeing Approximate Maximin Shares}, year = {2014}, 
    booktitle = proc # {15th} # ec, 
    pages = {675--692}
    }


@inproceedings{Caragiannis2016MNW,
author = {Caragiannis, Ioannis and Kurokawa, David and Moulin, Herv\'{e} and Procaccia, Ariel D. and Shah, Nisarg and Wang, Junxing},
title = {The Unreasonable Fairness of Maximum {N}ash Welfare},
year = {2016},
booktitle = proc # {17th} # ec,
pages = {305–322},
}


@book{schrijver-book,
  author = {Schrijver, A.},
  publisher = {Springer},
  title = {Combinatorial Optimization - Polyhedra and Efficiency},
  year = 2003
}


@inproceedings{barman2018pathtransfers,
author = {Barman, Siddharth and Krishnamurthy, Sanath Kumar and Vaish, Rohit},
title = {Greedy Algorithms for Maximizing Nash Social Welfare},
year = {2018},
booktitle = proc # {17th} # aamas,
pages = {7--13}
}

@inproceedings{halpern2020binaryadditive,
author = {Halpern, Daniel and Procaccia, Ariel D. and Psomas, Alexandros and Shah, Nisarg},
title = {Fair Division with Binary Valuations: One Rule to Rule Them All},
year = {2020},
booktitle = proc # {16th} # wine,
pages = {370–383}
}

@article{Darmann2015MaximizingNP,
  title={Maximizing Nash product social welfare in allocating indivisible goods},
  author={Andreas Darmann and Joachim Schauer},
  journal={European Journal Operations Research},
  year={2015},
  volume={247},
  pages={548-559}
}

@inproceedings{Lipton2004EF1,
author = {Lipton, R. J. and Markakis, E. and Mossel, E. and Saberi, A.},
title = {On Approximately Fair Allocations of Indivisible Goods},
year = {2004},
booktitle = proc # {5th} # ec,
pages = {125–131},
}

@article{Kurokawa2018Maxmin,
author = {Kurokawa, David and Procaccia, Ariel D. and Wang, Junxing},
title = {Fair Enough: {G}uaranteeing Approximate Maximin Shares},
year = {2018},
volume = {65},
number = {2},
journal = {Journal of the ACM}
}

@inproceedings{Barman2021MRFMaxmin,
  author    = {Siddharth Barman and
               Paritosh Verma},
  title     = {Existence and Computation of Maximin Fair Allocations Under Matroid-Rank
               Valuations},
  booktitle = proc # {20th} # aamas,
  pages     = {169--177},
  year      = {2021}
}

@article{Barman2021MRFTruthful,
  author    = {Siddharth Barman and
               Paritosh Verma},
  title     = {Truthful and Fair Mechanisms for Matroid-Rank Valuations},
  journal   = {CoRR},
  volume    = {abs/2109.05810},
  year      = {2021}
}

@INPROCEEDINGS{Chakrabarty2019MatroidIntersection,
  author={Chakrabarty, Deeparnab and Tat Lee, Yin and Sidford, Aaron and Singla, Sahil and Chiu-wai Wong, Sam},
  booktitle=proc # {60th} # focs, 
  title={Faster Matroid Intersection}, 
  year={2019},
  pages={1146-1168}
  }

@inproceedings{cousins2023bivalued,
      title={Dividing Good and Great Items Among Agents with Bivalued Submodular Valuations}, 
      author={Cyrus Cousins and Vignesh Viswanathan and Yair Zick},
      year={2023},
      pages = {225-241},
      booktitle=proc # {19th} # wine}
}

@inproceedings{cousins2023mixedmanna,
      title={The Good, the Bad and the Submodular: {F}airly Allocating Mixed Manna Under Order-Neutral Submodular Preferences}, 
      author={Cyrus Cousins and Vignesh Viswanathan and Yair Zick},
      year={2023},
      pages = {207-224},
      booktitle=proc # {19th} # wine} 
}
  
@inproceedings{Daitch2008MinCostMaxFlow,
author = {Daitch, Samuel I. and Spielman, Daniel A.},
title = {Faster Approximate Lossy Generalized Flow via Interior Point Algorithms},
year = {2008},
booktitle = proc # {40th} # stoc,
pages = {451–460}
}

@inproceedings{Barman2018GMMS,
  author    = {Siddharth Barman and
               Arpita Biswas and
               Sanath Kumar Krishna Murthy and
               Yadati Narahari},
  title     = {Groupwise Maximin Fair Allocation of Indivisible Goods},
  booktitle = proc # {32nd} # aaai,
  pages     = {917--924},
  year      = {2018}
}

@inproceedings{cole2015nash,
author = {Cole, Richard and Gkatzelis, Vasilis},
title = {Approximating the Nash Social Welfare with Indivisible Items},
year = {2015},
booktitle = proc # {47th} # stoc,
pages = {371–380}
}

@inproceedings{Conitzer2017Prop1,
author = {Conitzer, Vincent and Freeman, Rupert and Shah, Nisarg},
title = {Fair Public Decision Making},
year = {2017},
booktitle = proc # {18th} # ec,
pages = {629–646}
}

@inproceedings{li2021mnw,
    author = {Wenzheng Li and Jan Vondrak},
    title = {A constant-factor approximation algorithm for {N}ash Social Welfare with submodular valuations},
    pages = {25-36},
    booktitle = proc # {62nd} # focs,
    year = {2021}
}

@INPROCEEDINGS{chakrabarty2009leximin,
  author={Chakrabarty, Deeparnab and Chuzhoy, Julia and Khanna, Sanjeev},
  booktitle=proc # {50th} # focs, 
  title={On Allocating Goods to Maximize Fairness}, 
  year={2009},
  volume={},
  number={},
  pages={107-116}}

@inproceedings{jain2024matching,
    author = {Pallavi Jain and Rohit Vaish} ,
    title = {Maximizing {N}ash Social Welfare under Two-Sided Preferences},
    booktitle = proc # {38th} # aaai ,
    year = {2024}
}

@techreport{lee2015apxhardness,
      title={{APX}-Hardness of Maximizing {N}ash Social Welfare with Indivisible Items}, 
      author={Euiwoong Lee},
      type = {Tech.\ Rep.},
      year={2015},
      number={arXiv:1507.01159~[cs.CC]},
      institution={arXiv.org},
      month = jul
}

@article{lee:j:apx-hardness,
      title={{APX}-Hardness of Maximizing {N}ash Social Welfare with Indivisible Items}, 
      author={Euiwoong Lee},
      year={2017},
      journal = {Information Processing Letters},
      volume = {22},
      pages = {17-20},
      month = jun
}

@inproceedings{garg2023mnw,
author = {Garg, Jugal and Husi\'{c}, Edin and Li, Wenzheng and V\'{e}gh, L\'{a}szl\'{o} A. and Vondr\'{a}k, Jan},
title = {Approximating {N}ash Social Welfare by Matching and Local Search},
year = {2023},
booktitle = {Proceedings of the 55th Annual ACM Symposium on Theory of Computing (STOC)},
pages = {1298--1310},
numpages = {13},
}
% publisher = {Association for Computing Machinery}, address = {New York, NY, USA}}

@misc{garg2021mwnw,
  doi = {10.48550/ARXIV.2112.10199},
  
  url = {https://arxiv.org/abs/2112.10199},
  
  author = {Garg, Jugal and Husić, Edin and Murhekar, Aniket and Végh, László}, 
  keywords = {Computer Science and Game Theory (cs.GT), FOS: Computer and information sciences, FOS: Computer and information sciences},
  title = {Tractable Fragments of the Maximum {N}ash Welfare Problem},
  number = {arXiv:2112.10199~[cs.GT]},
  institution = {arXiv.org},
  type = {Tech.\ Rep.},
  month = apr,
  year = {2021},
}

@article{lenstra1990chores,
author = {Lenstra, J. K. and Shmoys, D. B. and Tardos, \'{E}.},
title = {Approximation Algorithms for Scheduling Unrelated Parallel Machines},
year = {1990},
volume = {46},
number = {3},
journal = {Math. Program.},
month = feb,
pages = {259–271},
numpages = {13}
}


@inproceedings{chakrabarty2015bivalued,
	author = {Deeparnab Chakrabarty and Sanjeev Khanna and Shi Li},
    year = {2015},
	pages = {1087-1101},
	title = {On $(1,\epsilon)$-Restricted Assignment Makespan Minimization},
	booktitle = proc # {26th} # soda
}


@inproceedings{li2022weightedproportional,
author = {Li, Bo and Li, Yingkai and Wu, Xiaowei},
title = {Almost (Weighted) Proportional Allocations for Indivisible Chores},
year = {2022},
booktitle = {Proceedings of the ACM Web Conference 2022},
pages = {122–131},
}


@inproceedings{aziz2019wmms,
	author = {Aziz, Haris and Chan, Hau and Li, Bo},
	booktitle = proc # {28th} # ijcai,
	pages = {46--52},
	title = {Weighted Maxmin Fair Share Allocation of Indivisible Chores},
	year = {2019}
	}


%Power-Means

@inproceedings{heidari2018fairness,
  title={Fairness behind a veil of ignorance: {A} welfare analysis for automated decision making},
  author={Heidari, Hoda and Ferrari, Claudio and Gummadi, Krishna and Krause, Andreas},
  booktitle={Advances in Neural Information Processing Systems},
  pages={1265--1276},
  year={2018}
}

@phdthesis{cousins2021bounds,
  title={Bounds and Applications of Concentration of Measure in Fair Machine Learning and Data Science},
  author={Cousins, Cyrus},
  publisher={Brown University},
  school={Brown University},
  year={2021}
}

@inproceedings{cousins2021axiomatic,
  title={An Axiomatic Theory of Provably-Fair Welfare-Centric Machine Learning}, 
  author={Cousins, Cyrus},
  booktitle=proc # {35th} # neurips,
  year={2021},
  pages = {16610--16621},  
} 

@inproceedings{cousins2022uncertainty,
  title={Uncertainty and the Social Planner’s Problem: {W}hy Sample Complexity Matters},
  author={Cousins, Cyrus},
  booktitle={Proceedings of the 2022 ACM Conference on Fairness, Accountability, and Transparency},
  year={2022}
}

@inproceedings{cousins2023revisiting,
  title={Revisiting Fair-{PAC} Learning and the Axioms of Cardinal Welfare},
  author={Cousins, Cyrus},
  booktitle={Artificial Intelligence and Statistics (AISTATS)},
  year={2023}
}

@book{moulin2004fair,
  title={Fair division and collective welfare},
  author={Moulin, Herv{\'e}},
  year={2004},
  publisher={MIT Press}
}

@book{arnold1987lorenz,
  title     = "Majorization and the Lorenz Order: A Brief Introduction",
  author    = "Barry C. Arnold",
  year      = 1987,
  publisher = "Springer New York, NY"
}



@techreport{akrami2022halfintegers,
  doi = {10.48550/ARXIV.2207.10949},
  
  
  author = {Akrami, Hannaneh and Chaudhury, Bhaskar Ray and Hoefer, Martin and Mehlhorn, Kurt and Schmalhofer, Marco and Shahkarami, Golnoosh and Varricchio, Giovanna and Vermande, Quentin and van Wijland, Ernest},
  
  keywords = {Computer Science and Game Theory (cs.GT), FOS: Computer and information sciences, FOS: Computer and information sciences},
  
  title = {Maximizing {N}ash Social Welfare in 2-Value Instances: {T}he Half-Integer Case},
  
  number = "arXiv:2207.10949~[cs.GT]",
  month = may,
  type = "Tech.\ Rep.",
  Institution = "arXiv.org",
  year = {2022},
  copyright = {Creative Commons Attribution 4.0 International}
}

@article{barman2020tight,
  title={Tight approximation algorithms for {$p$}-mean welfare under subadditive valuations},
  author={Barman, Siddharth and Bhaskar, Umang and Krishna, Anand and Sundaram, Ranjani G},
  journal={arXiv preprint arXiv:2005.07370},
  year={2020}
}

@article{pet:j:max-vertex,
  title = "The hardness of approximation: {G}ap location",
  author = "Erez Petrank",
  journal = "Computational Complexity",
  volume = "4",
  pages = "133--157",
  month = jun,
  year = "1994"
}

@article{baz-fou-sik:j:vc-dimension,
  title = "Parameterized and approximation complexity of Partial VC Dimension",
  author = "Cristina Bazgan and Florent Foucaud and Florian Sikora",
  journal = "Theoretical Computer Science",
  volume = "766",
  number = "C",
  pages = "1-15",
  year = "2019"
}

@article{ali-kan:j:cubic-graphs,
  title = "Some {APX}-completeness results for cubic graphs",
  author = "Paola Alimonti and Viggo Kann",
  journal = "Theoretical Computer Science",
  year = "2000",
  pages = "123-134",
  volume = "237"
}

@article{ber-kar-sco:j:approx-hardness-max3sat,
  author = "Piotr Berman and Marek Karpinski and Alexander Scott",
  title = "Approximation Hardness of Short Symmetric Instances of {MAX-3SAT}",
  journal = "Electronic Colloquim on Computational Complexity",
  year = "2003",
  volume = "TR03"
}

@inproceedings{kar:b:reducibilities,
	author={R. Karp},
	title={Reducibility among combinatorial problems},
	booktitle={Proceedings of Symposium on Complexity of Computer Computations},
	year={1972},
	pages={85-103}
	}

@book{gar-joh:b:int,
  Author = "M. Garey and D. Johnson",
  Title = "Computers and Intractability: {A} Guide to the Theory of {NP}-Completeness",
  Publisher = "{W. H. Freeman and Company}",
  Year = "1979"
  }

@incollection{elk-lac-pet:b:trends-structured,
  author = 	 {Edith Elkind and Martin Lackner and Dominik Peters},
  title = 	 {Structured Preferences},
  editor = 	 {U.~Endriss},
  booktitle = 	 {Trends in Computational Social Choice},
  Chapter = 	 {10},
  pages = 	 {187-207},
  publisher =    {AI Access},
  year = 	 {2017}
}

@article{Brooks1941, 
title={On colouring the nodes of a network}, 
volume={37}, 
number={2}, 
journal={Mathematical Proceedings of the Cambridge Philosophical Society}, author={Brooks, R. L.}, 
year={1941}, 
pages={194–197}
}

@article{cha-sch-suk:j:monotonicity-fair-division,
  author = "Mithun Chakraborty and Ulrike Schmidt-Kraepelin and Warut Suksompong",
  title = "Picking sequences and monotonicity in weighted fair division",
  journal = "Artificial Intelligence",
  volume = "301",
  month = dec,
  year = "2021"}

@article{pla-rou:j:efx,
    author = "Benjamin Plaut and Tim Roughgarden",
    title = "Almost envy-freeness with general valuations",
    journal = "SIAM Journal on Discrete Mathematics",
    pages = "1039-1068",
    volume = "34",
    number = "2",
    year = "2020"
}